<?xml version="1.0" encoding="UTF-8"?><collection xmlns="http://www.loc.gov/MARC21/slim"><record><leader>00452nam--2200121-i-4500</leader><controlfield tag="001">000042932</controlfield><controlfield tag="002">20161230</controlfield><controlfield tag="005">20161230201043</controlfield><controlfield tag="008">060222s1000------------r-----000-0-eng-d</controlfield><datafield ind1=" " ind2=" " tag="245"><subfield code="a">Stickstoff in metallen. vortrage gehalten auf der intern.tagung stickstoff in metallen, von 28-30 april 1964 in freiberg/sachsen</subfield></datafield><datafield ind1=" " ind2=" " tag="260"><subfield code="a">Berlin, Akad.Verlag, 1965. 376 P</subfield></datafield><datafield ind1=" " ind2=" " tag="490"><subfield code="a">Uber Wissenschaftliche Grundlagen Der Modern Technik, Reihe A:Tagungen</subfield></datafield><datafield ind1=" " ind2=" " tag="852"><subfield code="a">22897</subfield></datafield></record></collection>